@article{adams19,
  title={{LFRic: Meeting the challenges of scalability and performance portability in Weather and Climate models}},
  author={Adams, Samantha V and Ford, Rupert W and Hambley, M and Hobson, JM and Kav{\v{c}}i{\v{c}}, I and Maynard, Christopher M and Melvin, Thomas and M{\"u}ller, Eike Hermann and Mullerworth, S and Porter, AR and others},
  journal={Journal of Parallel and Distributed Computing},
  volume={132},
  pages={383--396},
  year={2019},
  publisher={Elsevier},
  doi={10.1016/j.jpdc.2019.02.007}
}

@article{afanasyev21,
  title={{GridTools: A framework for portable weather and climate applications}},
  author={Afanasyev, Anton and Bianco, Mauro and Mosimann, Lukas and Osuna, Carlos and Thaler, Felix and Vogt, Hannes and Fuhrer, Oliver and VandeVondele, Joost and Schulthess, Thomas C},
  journal={SoftwareX},
  volume={15},
  pages={100707},
  year={2021},
  publisher={Elsevier},
  doi={10.1016/j.softx.2021.100707}
}

@article{baldauf11,
  title={{Operational convective-scale numerical weather prediction with the COSMO model: Description and sensitivities}},
  author={Baldauf, Michael and Seifert, Axel and F{\"o}rstner, Jochen and Majewski, Detlev and Raschendorfer, Matthias and Reinhardt, Thorsten},
  journal={Monthly Weather Review},
  volume={139},
  number={12},
  pages={3887--3905},
  year={2011},
  doi={10.1175/mwr-d-10-05013.1}
}

@article{bauer20,
  title={{The ECMWF scalability programme: Progress and plans}},
  author={Bauer, Peter and Quintino, Tiago and Wedi, Nils and Bonanni, Antonio and Chrust, Marcin and Deconinck, Willem and Diamantakis, Michail and D{\"u}ben, Peter and English, Stephen and Flemming, Johannes and others},
  journal={ECMWF Technical Memo No. 857},
  year={2020},
  publisher={European Centre for Medium Range Weather Forecasts}
}

@article{bauer21,
  title={{The digital revolution of Earth-system science}},
  author={Bauer, Peter and Dueben, Peter D and Hoefler, Torsten and Quintino, Tiago and Schulthess, Thomas C and Wedi, Nils P},
  journal={Nature Computational Science},
  volume={1},
  number={2},
  pages={104--113},
  year={2021},
  publisher={Nature Publishing Group US New York},
  doi={10.1038/s43588-021-00023-0}
}

@inproceedings{ben-nun19,
  title={{Stateful Dataflow Multigraphs: A Data-Centric Model for Performance Portability on Heterogeneous Architectures}},
  author={Ben-Nun, Tal and de~Fine~Licht, Johannes and Ziogas, Alexandros Nikolaos and Schneider, Timo and Hoefler, Torsten},
  year={2019},
  booktitle={Proceedings of the International Conference for High Performance Computing, Networking, Storage and Analysis},
  series={{SC '19}},
  doi={10.1145/3295500.3356173}
}

@inproceedings{ben-nun22,
  title={{Productive performance engineering for weather and climate modeling with Python}},
  author={Ben-Nun, Tal and Groner, Linus and Deconinck, Florian and Wicky, Tobias and Davis, Eddie and Dahm, Johann and Elbert, Oliver D and George, Rhea and McGibbon, Jeremy and Tr{\"u}mper, Lukas and others},
  booktitle={SC22: International Conference for High Performance Computing, Networking, Storage and Analysis},
  pages={1--14},
  year={2022},
  organization={IEEE},
  doi={10.1109/sc41404.2022.00078}
}

@inproceedings{bertagna20,
  title={{A performance-portable nonhydrostatic atmospheric dycore for the Energy Exascale Earth System Model running at cloud-resolving resolutions}},
  author={Bertagna, Luca and Guba, Oksana and Taylor, Mark A and Foucar, James G and Larkin, Jeff and Bradley, Andrew M and Rajamanickam, Sivasankaran and Salinger, Andrew G},
  booktitle={SC20: International Conference for High Performance Computing, Networking, Storage and Analysis},
  pages={1--14},
  year={2020},
  organization={IEEE},
  doi={10.2172/1830973}
}

@book{chandrasekaran17,
  title={{OpenACC for Programmers: Concepts and Strategies}},
  author={Chandrasekaran, Sunita and Juckeland, Guido},
  year={2017},
  publisher={Addison-Wesley Professional}
}

@article{clement19,
  title={{Automatic Port to OpenACC/OpenMP for Physical Parameterization in Climate and Weather Code Using the CLAW Compiler}},
  author={Clement, Valentin and Marti, Philippe and Lapillonne, Xavier and Fuhrer, Oliver and Sawyer, William},
  journal={Supercomputing Frontiers and Innovations},
  volume={6},
  number={3},
  pages={51--63},
  year={2019},
  doi={10.14529/jsfi190303}
}

@article{courtier94,
  title={{A strategy for operational implementation of 4D-Var, using an incremental approach}},
  author={Courtier, PHILIPPE and Th{\'e}paut, J-N and Hollingsworth, Anthony},
  journal={Quarterly Journal of the Royal Meteorological Society},
  volume={120},
  number={519},
  pages={1367--1387},
  year={1994},
  publisher={Wiley Online Library},
  doi={10.1256/smsqj.51911}
}

@article{dagum98,
  title={{OpenMP: an industry standard API for shared-memory programming}},
  author={Dagum, Leonardo and Menon, Ramesh},
  journal={IEEE Computional Science and Engineering},
  volume={5},
  number={1},
  pages={46--55},
  year={1998},
  publisher={IEEE},
  doi={10.1109/99.660313}
}

@article{dahm23,
  title={{Pace v0. 2: a Python-based performance-portable atmospheric model}},
  author={Dahm, Johann and Davis, Eddie and Deconinck, Florian and Elbert, Oliver and George, Rhea and McGibbon, Jeremy and Wicky, Tobias and Wu, Elynn and Kung, Christopher and Ben-Nun, Tal and others},
  journal={Geoscientific Model Development},
  volume={16},
  number={9},
  pages={2719--2736},
  year={2023},
  publisher={Copernicus Publications G{\"o}ttingen, Germany},
  doi={10.5194/gmd-16-2719-2023}
}

@inproceedings{deakin19,
  title={Performance portability across diverse computer architectures},
  author={Deakin, Tom and McIntosh-Smith, Simon and Price, James and Poenaru, Andrei and Atkinson, Patrick and Popa, Codrin and Salmon, Justin},
  booktitle={2019 IEEE/ACM International Workshop on Performance, Portability and Productivity in HPC (P3HPC)},
  pages={1--13},
  year={2019},
  organization={IEEE},
  doi={10.1109/p3hpc49587.2019.00006}
}

@article{edwards14,
  title={{Kokkos: Enabling manycore performance portability through polymorphic memory access patterns}},
  author={Edwards, H Carter and Trott, Christian R and Sunderland, Daniel},
  journal={Journal of Parallel Distributed Computing},
  volume={74},
  number={12},
  pages={3202--3216},
  year={2014},
  publisher={Elsevier},
  doi={10.1016/j.jpdc.2014.07.003}
}

@article{errico97,
  title={{What is an adjoint model?}},
  author={Errico, Ronald M},
  journal={Bulletin of the American Meteorological Society},
  volume={78},
  number={11},
  pages={2577--2592},
  year={1997},
  publisher={American Meteorological Society},
  doi={10.1175/1520-0477(1997)078<2577:WIAAM>2.0.CO;2}
}

@article{forbes11b,
  title={{A new prognostic bulk microphysics scheme for the IFS}},
  author={Forbes, Richard M and Tompkins, Adrian M and Untch, Agathe},
  journal={ECMWF Techical Memo. No. 649},
  year={2011},
}

@article{fuhrer14,
  title={Towards a performance portable, architecture agnostic implementation strategy for weather and climate models},
  author={Fuhrer, Oliver and Osuna, Carlos and Lapillonne, Xavier and Gysi, Tobias and Cumming, Ben and Bianco, Mauro and Arteaga, Andrea and Schulthess, Thomas Christoph},
  journal={Supercomputing Frontiers and Innovations},
  volume={1},
  number={1},
  pages={45--62},
  year={2014},
  doi={10.14529/jsfi140103}
}

@article{fuhrer18,
  title={{Near-global climate simulation at 1 km resolution: establishing a performance baseline on 4888 GPUs with COSMO 5.0}},
  author={Fuhrer, Oliver and Chadha, Tarun and Hoefler, Torsten and Kwasniewski, Grzegorz and Lapillonne, Xavier and Leutwyler, David and L{\"u}thi, Daniel and Osuna, Carlos and Sch{\"a}r, Christoph and Schulthess, Thomas C and others},
  journal={Geoscientific Model Development},
  volume={11},
  number={4},
  pages={1665--1681},
  year={2018},
  publisher={Copernicus GmbH},
  doi={10.5194/gmd-11-1665-2018}
}

@article{gmd-cloudsc-paper,
  title={Data and scripts for the manuscript ``Exploring a high-level programming model for the NWP domain using ECMWF microphysics schemes'' (v0.1.0)},
  author={Ubbiali, Stefano and K\"uhnlein, Christian and Sch\"ar, Christop and Schlemmer, Linda and Schulthess, Thomas C. and Staneker, Michael and Wernli, Heini},
  journal={Zenodo},
  doi={10.5281/zenodo.11155353},
  year={2024}
}


@article{gt4py-dwarf-p-cloudsc,
  title={gt4py-dwarf-p-cloudsc: v0.1.0},
  author={Ubbiali, Stefano and K\"uhnlein, Christian and Wernli, Heini},
  journal={Zenodo},
  doi={10.5281/zenodo.11155001},
  year={2024}
}

@article{gt4py-dwarf-p-cloudsc2-tl-ad,
  title={gt4py-dwarf-p-cloudsc2-tl-ad: v0.1.0},
  author={Ubbiali, Stefano and K\"uhnlein, Christian and Wernli, Heini},
  journal={Zenodo},
  doi={10.5281/zenodo.11155036},
  year={2024}
}


@article{gysi21,
  title={{Domain-specific multi-level IR rewriting for GPU: The Open Earth compiler for GPU-accelerated climate simulation}},
  author={Gysi, Tobias and M{\"u}ller, Christoph and Zinenko, Oleksandr and Herhut, Stephan and Davis, Eddie and Wicky, Tobias and Fuhrer, Oliver and Hoefler, Torsten and Grosser, Tobias},
  journal={ACM Transactions on Architecture and Code Optimization (TACO)},
  volume={18},
  number={4},
  pages={1--23},
  year={2021},
  publisher={ACM New York, NY, USA},
  doi={10.1145/3469030}
}

@article{harris13,
  title={{A two-way nested global-regional dynamical core on the cubed-sphere grid}},
  author={Harris, Lucas M and Lin, Shian-Jiann},
  journal={Monthly Weather Review},
  volume={141},
  number={1},
  pages={283--306},
  year={2013},
  publisher={American Meteorological Society},
  doi={10.1175/mwr-d-11-00201.1}
}

@article{harris20,
  title={{Array programming with NumPy}},
  author={Harris, Charles R and Millman, K Jarrod and van der Walt, St{\'e}fan J and Gommers, Ralf and Virtanen, Pauli and Cournapeau, David and Wieser, Eric and Taylor, Julian and Berg, Sebastian and Smith, Nathaniel J and others},
  journal={Nature},
  volume={585},
  number={7825},
  pages={357--362},
  year={2020},
  publisher={Nature Publishing Group}
}

@article{hoyer17,
  title={{xarray: ND labeled arrays and datasets in Python}},
  author={Hoyer, Stephan and Hamman, Joe},
  journal={Journal of Open Research Software},
  volume={5},
  number={1},
  year={2017},
  publisher={Ubiquity Press},
  doi={10.5334/jors.148}
}

@article{ifs-physics-common,
  title={ifs-physics-common: v0.1.0},
  author={Ubbiali, Stefano and K\"uhnlein, Christian and Sch\"ar, Christop and Schlemmer, Linda and Schulthess, Thomas C. and Wernli, Heini},
  journal={Zenodo},
  doi={10.5281/zenodo.11153742},
  year={2024}
}

@book{ifs48r1,
  title={{IFS Documentation CY48R1 - Part IV: Physical Processes}},
  author={ECMWF},
  chapter={Clouds and large-scale precipitation},
  pages={113--145},
  year={2023},
  publisher={ECMWF}
}

@article{janiskova99,
  title={{Simplified and regular physical parameterizations for incremental four-dimensional variational assimilation}},
  author={Janiskov{\'a}, Marta and Th{\'e}paut, Jean-No{\"e}l and Geleyn, Jean-Fran{\c{c}}ois},
  journal={Monthly Weather Review},
  volume={127},
  number={1},
  pages={26--45},
  year={1999},
  publisher={American Meteorological Society},
  doi={10.1175/1520-0493(1999)127<0026:sarppf>2.0.co;2}
}

@article{janiskova23,
  title={{Linearised physics: the heart of ECMWF’s 4D-Var}},
  author={Janiskov{\'a}, Marta and Lopez, Philippe},
  journal={ECMWF Newsletter No. 175},
  pages={20--26},
  year={2023}
}

@article{kim21,
  title={{GPU acceleration of MPAS microphysics WSM6 using OpenACC directives: Performance and verification}},
  author={Kim, Jae Youp and Kang, Ji-Sun and Joh, Minsu},
  journal={Computers \& Geosciences},
  volume={146},
  pages={104627},
  year={2021},
  publisher={Elsevier},
  doi={10.1016/j.cageo.2020.104627}
}

@article{kuehnlein19,
  title={FVM 1.0: a nonhydrostatic finite-volume dynamical core for the IFS},
  author={{K{\"u}hnlein}, Christian and {Deconinck}, Willem and {Klein}, Rupert and {Malardel}, Sylvie and {Piotrowski}, Zbigniew P. and {Smolarkiewicz}, Piotr K. and {Szmelter}, Joanna and {Wedi}, Nils P.},
  journal={Geoscientific Model Development},
  year=2019,
  volume={12},
  number={2},
  pages={651-676},
  doi={10.5194/gmd-12-651-2019}
}

@article{kuhnlein23,
  title={{ECMWF collaborates with Swiss partners on GPU porting of FVM dynamical core}},
  author={K\"uhnlein, Christian and Ehrengruber, Till and Ubbiali, Stefano and Krieger, Nicolai and Papritz, Lukas and Calotoiu, Alexandru and Wernli, Heini},
  journal={ECMWF Newsletter No. 175},
  volume={175},
  number={175},
  pages={11--12},
  year={2023}
}

@incollection{lapillonne17,
  title={{Using OpenACC to port large legacy climate and weather modeling code to GPUs}},
  author={Lapillonne, Xavier and Osterried, Katherine and Fuhrer, Oliver},
  booktitle={{Parallel Programming with OpenACC}},
  pages={267--290},
  year={2017},
  publisher={Elsevier},
  doi={0.1016/b978-0-12-410397-9.00013-5}
}

@inproceedings{lapillonne20,
  title={{Global climate simulations at 2.8 km on GPU with the ICON model}},
  author={Lapillonne, Xavier and Sawyer, William and Marti, Philippe and Clement, Valentin and Dietlicher, Remo and Kornblueh, Luis and Rast, Sebastian and Schnur, Reiner and Esch, Monika and Giorgetta, Marco and others},
  booktitle={EGU General Assembly Conference Abstracts},
  pages={10306},
  year={2020},
  doi={10.5194/egusphere-egu2020-10306}
}

@article{lawrence18,
  title={{Crossing the chasm: how to develop weather and climate models for next generation computers?}},
  author={Lawrence, Bryan N and Rezny, Michael and Budich, Reinhard and Bauer, Peter and Behrens, J{\"o}rg and Carter, Mick and Deconinck, Willem and Ford, Rupert and Maynard, Christopher and Mullerworth, Steven and others},
  journal={Geoscientific Model Development},
  volume={11},
  number={5},
  pages={1799--1821},
  year={2018},
  publisher={Copernicus GmbH},
  doi={10.5194/gmd-11-1799-2018}
}

@book{lindfield18,
  title={{Numerical Methods: Using MATLAB}},
  author={Lindfield, George and Penny, John},
  year={2018},
  publisher={Academic Press}
}

@article{luz24,
  title={{A GT4Py-Based Multi-Node Standalone Python Implementation of the ICON Dynamical Core}},
  author={Luz, Magdalena and Gopal, Abishek and Ong, Chia Rui and M\"uller, Christoph and Hupp, Daniel and Burgdorfer, Nina and Farabullini, Nicoletta and B\"osch, Fabian and Dipankar, Anurag and Bianco, Mauro and others},
  journal={Platform for Advanced Scientific Computing (PASC) Conference, Zurich, Switzerland, 3-5 June, 2024},
  year={2024},
}

@article{mcgibbon21,
  title={{fv3gfs-wrapper: a Python wrapper of the FV3GFS atmospheric model}},
  author={McGibbon, Jeremy and Brenowitz, Noah D and Cheeseman, Mark and Clark, Spencer K and Dahm, Johann PS and Davis, Eddie C and Elbert, Oliver D and George, Rhea C and Harris, Lucas M and Henn, Brian and others},
  journal={Geoscientific Model Development},
  volume={14},
  number={7},
  pages={4401--4409},
  year={2021},
  publisher={Copernicus GmbH},
  doi={10.5194/gmd-14-4401-2021}
}

@article{melvin19,
  title={{A mixed finite-element, finite-volume, semi-implicit discretization for atmospheric dynamics: Cartesian geometry}},
  author={Melvin, Thomas and Benacchio, Tommaso and Shipway, Ben and Wood, Nigel and Thuburn, John and Cotter, Colin},
  journal={Quarterly Journal of the Royal Meteorological Society},
  volume={145},
  number={724},
  pages={2835--2853},
  year={2019},
  publisher={Wiley Online Library}
}

@article{melvin24,
  title={{A mixed finite-element, finite-volume, semi-implicit discretisation for atmospheric dynamics: Spherical geometry}},
  author={Melvin, Thomas and Shipway, Ben and Wood, Nigel and Benacchio, Tommaso and Bendall, Thomas and Boutle, Ian and Brown, Alex and Johnson, Christine and Kent, James and Pring, Stephen and others},
  journal={Quarterly Journal of the Royal Meteorological Society},
  year={2024},
  publisher={Wiley Online Library}
}

@inproceedings{mendez14,
  title={{Climate models: challenges for Fortran development tools}},
  author={M{\'e}ndez, Mariano and Tinetti, Fernando G and Overbey, Jeffrey L},
  booktitle={2014 Second International Workshop on Software Engineering for High Performance Computing in Computational Science and Engineering},
  pages={6--12},
  year={2014},
  organization={IEEE},
  doi={10.1109/se-hpccse.2014.7}
}

@article{monteiro18,
  title={{sympl (v. 0.4.0) and climt (v. 0.15.3) -- Towards a flexible framework for building model hierarchies in Python}},
  author={Monteiro, Joy Merwin and McGibbon, Jeremy and Caballero, Rodrigo},
  journal={Geoscientific Model Development},
  volume={11},
  number={9},
  pages={3781--3794},
  year={2018},
  publisher={Copernicus GmbH},
  doi={10.5194/gmd-11-3781-2018}
}

@article{muller19,
  title={{The ESCAPE project: energy-efficient scalable algorithms for weather prediction at exascale}},
  author={M{\"u}ller, Andreas and Deconinck, Willem and K{\"u}hnlein, Christian and Mengaldo, Gianmarco and Lange, Michael and Wedi, Nils and Bauer, Peter and Smolarkiewicz, Piotr K and Diamantakis, Michail and Lock, Sarah-Jane and others},
  journal={Geoscientific Model Development},
  volume={12},
  number={10},
  pages={4425--4441},
  year={2019},
  publisher={Copernicus GmbH},
  doi={10.5194/gmd-12-4425-2019}
}

@article{neumann19,
  title={Assessing the scales in numerical weather and climate predictions: will exascale be the rescue?},
  author={Neumann, Philipp and D{\"u}ben, Peter and Adamidis, Panagiotis and Bauer, Peter and Br{\"u}ck, Matthias and Kornblueh, Luis and Klocke, Daniel and Stevens, Bjorn and Wedi, Nils and Biercamp, Joachim},
  journal={Philosophical Transactions of the Royal Society A},
  volume={377},
  number={2142},
  pages={20180148},
  year={2019},
  publisher={The Royal Society Publishing},
  doi={10.1098/rsta.2018.0148}
}

@article{nishino17,
  title={{CuPy: A NumPy-compatible library for NVIDIA GPU calculations}},
  author={Nishino, ROYUD and Loomis, Shohei Hido Crissman},
  journal={31st conference on neural information processing systems},
  pages={151},
  year={2017}
}

@article{nogherotto16,
  title={{Numerical framework and performance of the new multiple-phase cloud microphysics scheme in RegCM4.5: precipitation, cloud microphysics, and cloud radiative effects}},
  author={Nogherotto, Rita and Tompkins, Adrian Mark and Giuliani, Graziano and Coppola, Erika and Giorgi, Filippo},
  journal={Geoscientific Model Development},
  volume={9},
  number={7},
  pages={2533--2547},
  year={2016},
  publisher={Copernicus GmbH},
  doi={10.5194/gmd-9-2533-2016}
}

@inproceedings{randall22,
  title={{Simulations With EarthWorks}},
  author={Randall, David A and Hurrell, James W and Gettelman, Andrew and Loft, Richard and Skamarock, William C and Hauser, Thomas and Dazlich, Donald A and Sun, Lantao},
  booktitle={AGU Fall Meeting Abstracts},
  volume={2022},
  pages={A33E--02},
  year={2022}
}

@article{schaer19,
  title={{Kilometer-scale climate models: Prospects and challenges}},
  author={Sch{\"a}r, Christoph and Fuhrer, Oliver and Arteaga, Andrea and Ban, Nikolina and Charpilloz, Christophe and Di Girolamo, Salvatore and Hentgen, Laureline and Hoefler, Torsten and Lapillonne, Xavier and Leutwyler, David and others},
  journal={Bulletin of the American Meteorological Society},
  number={2019},
  year={2019},
  doi={10.1175/bams-d-18-0167.1}
}

@article{schulthess18,
  title={{Reflecting on the goal and baseline for exascale computing: A roadmap based on weather and climate simulations}},
  author={Schulthess, Thomas C and Bauer, Peter and Wedi, Nils and Fuhrer, Oliver and Hoefler, Torsten and Sch{\"a}r, Christoph},
  journal={Computing in Science \& Engineering},
  volume={21},
  number={1},
  pages={30--41},
  year={2018},
  publisher={IEEE},
  doi={10.1109/mcse.2018.2888788}
}

@article{shipman23,
  title={{An evaluation of risks associated with relying on Fortran for mission critical codes for the next 15 years}},
  author={Shipman, Galen M. and Randles, Timothy C.},
  doi={10.2172/1970284},
  url={https://www.osti.gov/biblio/1970284},
  journal={},
  place={United States},
  year={2023},
  month={5}
}

@article{smolarkiewicz16,
  title={A finite-volume module for simulating global all-scale atmospheric flows},
  author={{Smolarkiewicz}, Piotr K. and {Deconinck}, Willem and {Hamrud}, Mats and {K{\"u}hnlein}, Christian and {Mozdzynski}, George and {Szmelter}, Joanna and {Wedi}, Nils P.},
  journal={Journal of Computational Physics},
  year=2016,
  volume={314},
  pages={287-304},
  doi={10.1016/j.jcp.2016.03.015}
}

@article{taylor20,
  title={An energy consistent discretization of the nonhydrostatic equations in primitive variables},
  author={Taylor, Mark A and Guba, Oksana and Steyer, Andrew and Ullrich, Paul A and Hall, David M and Eldred, Christopher},
  journal={Journal of Advances in Modeling Earth Systems},
  volume={12},
  number={1},
  pages={e2019MS001783},
  year={2020},
  publisher={Wiley Online Library},
  doi={10.1029/2019ms001783}
}

@article{ubbiali21,
  title={{A numerical analysis of six physics-dynamics coupling schemes for atmospheric models}},
  author={Ubbiali, Stefano and Sch{\"a}r, Christoph and Schlemmer, Linda and Schulthess, Thomas C},
  journal={Journal of Advances in Modeling Earth Systems},
  volume={13},
  number={11},
  pages={e2020MS002377},
  year={2021},
  publisher={Wiley Online Library},
  doi={10.1029/2020ms002377}
}

@article{watkins23,
  title={Performance portable ice-sheet modeling with MALI},
  author={Watkins, Jerry and Carlson, Max and Shan, Kyle and Tezaur, Irina and Perego, Mauro and Bertagna, Luca and Kao, Carolyn and Hoffman, Matthew J and Price, Stephen F},
  journal={The International Journal of High Performance Computing Applications},
  volume={37},
  number={5},
  pages={600--625},
  year={2023},
  publisher={SAGE Publications Sage UK: London, England},
  doi={10.1177/10943420231183688}
}

@inproceedings{yang19,
  title={{Accelerating MPAS-A model radiation schemes on GPUs using OpenACC}},
  author={Yang, Zhifeng and Halem, Milton and Loft, Richard and Suresh, Supreeth},
  booktitle={AGU Fall Meeting Abstracts},
  volume={2019},
  pages={A11A--06},
  year={2019}
}

@article{zangl15,
  title={{The ICON (ICOsahedral Non-hydrostatic) modelling framework of DWD and MPI-M: Description of the non-hydrostatic dynamical core}},
  author={Z{\"a}ngl, G{\"u}nther and Reinert, Daniel and R{\'\i}podas, Pilar and Baldauf, Michael},
  journal={Quarterly Journal of the Royal Meteorological Society},
  volume={141},
  number={687},
  pages={563--579},
  year={2015},
  publisher={Wiley Online Library},
  doi={10.1002/qj.2378}
}
