@article{adams19,
  title={{LFRic: Meeting the challenges of scalability and performance portability in Weather and Climate models}},
  author={Adams, Samantha V and Ford, Rupert W and Hambley, M and Hobson, JM and Kav{\v{c}}i{\v{c}}, I and Maynard, Christopher M and Melvin, Thomas and M{\"u}ller, Eike Hermann and Mullerworth, S and Porter, AR and others},
  journal={Journal of Parallel and Distributed Computing},
  volume={132},
  pages={383--396},
  year={2019},
  publisher={Elsevier}
}

@article{afanasyev21,
  title={{GridTools: A framework for portable weather and climate applications}},
  author={Afanasyev, Anton and Bianco, Mauro and Mosimann, Lukas and Osuna, Carlos and Thaler, Felix and Vogt, Hannes and Fuhrer, Oliver and VandeVondele, Joost and Schulthess, Thomas C},
  journal={SoftwareX},
  volume={15},
  pages={100707},
  year={2021},
  publisher={Elsevier}
}

@incollection{balaji12,
  title={The flexible modeling system},
  author={Balaji, V},
  booktitle={Earth System Modelling-Volume 3},
  pages={33--41},
  year={2012},
  publisher={Springer},
}

@article{baldauf11,
  title={{Operational convective-scale numerical weather prediction with the COSMO model: Description and sensitivities}},
  author={Baldauf, Michael and Seifert, Axel and F{\"o}rstner, Jochen and Majewski, Detlev and Raschendorfer, Matthias and Reinhardt, Thorsten},
  journal={Monthly Weather Review},
  volume={139},
  number={12},
  pages={3887--3905},
  year={2011}
}

@article{balsamo09,
  title={{A revised hydrology for the ECMWF model: Verification from field site to terrestrial water storage and impact in the Integrated Forecast System}},
  author={Balsamo, Gianpaolo and Beljaars, Anton and Scipal, Klaus and Viterbo, Pedro and van den Hurk, Bart and Hirschi, Martin and Betts, Alan K},
  journal={Journal of Hydrometeorology},
  volume={10},
  number={3},
  pages={623--643},
  year={2009},
  publisher={American Meteorological Society}
}

@article{bauer20,
  title={{The ECMWF scalability programme: Progress and plans}},
  author={Bauer, Peter and Quintino, Tiago and Wedi, Nils and Bonanni, Antonio and Chrust, Marcin and Deconinck, Willem and Diamantakis, Michail and D{\"u}ben, Peter and English, Stephen and Flemming, Johannes and others},
  journal={ECMWF Technical Memo No. 857},
  year={2020},
  publisher={European Centre for Medium Range Weather Forecasts}
}

@article{bauer21,
  title={{The digital revolution of Earth-system science}},
  author={Bauer, Peter and Dueben, Peter D and Hoefler, Torsten and Quintino, Tiago and Schulthess, Thomas C and Wedi, Nils P},
  journal={Nature Computational Science},
  volume={1},
  number={2},
  pages={104--113},
  year={2021},
  publisher={Nature Publishing Group US New York}
}

@article{bechtold08,
  title={{Advances in simulating atmospheric variability with the ECMWF model: From synoptic to decadal time-scales}},
  author={Bechtold, Peter and K{\"o}hler, Martin and Jung, Thomas and Doblas-Reyes, Francisco and Leutbecher, Martin and Rodwell, Mark J and Vitart, Frederic and Balsamo, Gianpaolo},
  journal={Quarterly Journal of the Royal Meteorological Society},
  volume={134},
  number={634},
  pages={1337--1351},
  year={2008},
  publisher={Wiley Online Library}
}

@article{bechtold14,
  title={Representing equilibrium and nonequilibrium convection in large-scale models},
  author={Bechtold, Peter and Semane, Noureddine and Lopez, Philippe and Chaboureau, Jean-Pierre and Beljaars, Anton and Bormann, Niels},
  journal={Journal of the Atmospheric Sciences},
  volume={71},
  number={2},
  pages={734--753},
  year={2014},
  publisher={American Meteorological Society}
}

@article{beljaars04,
  title={A new parametrization of turbulent orographic form drag},
  author={Beljaars, Anton CM and Brown, Andrew R and Wood, Nigel},
  journal={Quarterly Journal of the Royal Meteorological Society},
  volume={130},
  number={599},
  pages={1327--1347},
  year={2004},
  publisher={Wiley Online Library}
}

@inproceedings{ben-nun19,
  title={{Stateful Dataflow Multigraphs: A Data-Centric Model for Performance Portability on Heterogeneous Architectures}},
  author={Ben-Nun, Tal and de~Fine~Licht, Johannes and Ziogas, Alexandros Nikolaos and Schneider, Timo and Hoefler, Torsten},
  year={2019},
  booktitle={Proceedings of the International Conference for High Performance Computing, Networking, Storage and Analysis},
  series={{SC '19}}
}

@inproceedings{ben-nun22,
  title={Productive performance engineering for weather and climate modeling with python},
  author={Ben-Nun, Tal and Groner, Linus and Deconinck, Florian and Wicky, Tobias and Davis, Eddie and Dahm, Johann and Elbert, Oliver D and George, Rhea and McGibbon, Jeremy and Tr{\"u}mper, Lukas and others},
  booktitle={SC22: International Conference for High Performance Computing, Networking, Storage and Analysis},
  pages={1--14},
  year={2022},
  organization={IEEE}
}

@inproceedings{bertagna20,
  title={{A performance-portable nonhydrostatic atmospheric dycore for the Energy Exascale Earth System Model running at cloud-resolving resolutions}},
  author={Bertagna, Luca and Guba, Oksana and Taylor, Mark A and Foucar, James G and Larkin, Jeff and Bradley, Andrew M and Rajamanickam, Sivasankaran and Salinger, Andrew G},
  booktitle={SC20: International Conference for High Performance Computing, Networking, Storage and Analysis},
  pages={1--14},
  year={2020},
  organization={IEEE}
}

@article{brown12,
  title={{Unified modeling and prediction of weather and climate: A 25-year journey}},
  author={Brown, Andrew and Milton, Sean and Cullen, Mike and Golding, Brian and Mitchell, John and Shelly, Ann},
  journal={Bulletin of the American Meteorological Society},
  volume={93},
  number={12},
  pages={1865--1877},
  year={2012},
  publisher={American Meteorological Society}
}

@book{chandrasekaran17,
  title={{OpenACC for Programmers: Concepts and Strategies}},
  author={Chandrasekaran, Sunita and Juckeland, Guido},
  year={2017},
  publisher={Addison-Wesley Professional}
}

@inproceedings{clement18,
  title={{The CLAW DSL: Abstractions for performance portable weather and climate models}},
  author={Clement, Valentin and Ferrachat, Sylvaine and Fuhrer, Oliver and Lapillonne, Xavier and Osuna, Carlos E and Pincus, Robert and Rood, Jon and Sawyer, William},
  booktitle={Proceedings of the Platform for Advanced Scientific Computing (PASC) Conference},
  pages={1--10},
  year={2018}
}

@article{clement19,
  title={{Automatic Port to OpenACC/OpenMP for Physical Parameterization in Climate and Weather Code Using the CLAW Compiler}},
  author={Clement, Valentin and Marti, Philippe and Lapillonne, Xavier and Fuhrer, Oliver and Sawyer, William},
  journal={Supercomputing Frontiers and Innovations},
  volume={6},
  number={3},
  pages={51--63},
  year={2019}
}

@article{courtier94,
  title={{A strategy for operational implementation of 4D-Var, using an incremental approach}},
  author={Courtier, PHILIPPE and Th{\'e}paut, J-N and Hollingsworth, Anthony},
  journal={Quarterly Journal of the Royal Meteorological Society},
  volume={120},
  number={519},
  pages={1367--1387},
  year={1994},
  publisher={Wiley Online Library}
}

@article{craig12,
  title={{A new flexible coupler for earth system modeling developed for CCSM4 and CESM1}},
  author={Craig, Anthony P and Vertenstein, Mariana and Jacob, Robert},
  journal={The International Journal of High Performance Computing Applications},
  volume={26},
  number={1},
  pages={31--42},
  year={2012},
  publisher={Sage Publications Sage UK: London, England}
}

@article{dagum98,
  title={{OpenMP: an industry standard API for shared-memory programming}},
  author={Dagum, Leonardo and Menon, Ramesh},
  journal={IEEE Computional Science and Engineering},
  volume={5},
  number={1},
  pages={46--55},
  year={1998},
  publisher={IEEE}
}

@article{dahm23,
  title={{Pace v0. 2: a Python-based performance-portable atmospheric model}},
  author={Dahm, Johann and Davis, Eddie and Deconinck, Florian and Elbert, Oliver and George, Rhea and McGibbon, Jeremy and Wicky, Tobias and Wu, Elynn and Kung, Christopher and Ben-Nun, Tal and others},
  journal={Geoscientific Model Development},
  volume={16},
  number={9},
  pages={2719--2736},
  year={2023},
  publisher={Copernicus Publications G{\"o}ttingen, Germany}
}

@inproceedings{deakin19,
  title={Performance portability across diverse computer architectures},
  author={Deakin, Tom and McIntosh-Smith, Simon and Price, James and Poenaru, Andrei and Atkinson, Patrick and Popa, Codrin and Salmon, Justin},
  booktitle={2019 IEEE/ACM International Workshop on Performance, Portability and Productivity in HPC (P3HPC)},
  pages={1--13},
  year={2019},
  organization={IEEE}
}

@article{dickinson02,
  title={How can we advance our weather and climate models as a community?},
  author={Dickinson, Robert E and Zebiak, Stephen E and Anderson, Jeffrey L and Blackmon, Maurice L and De Luca, Cecelia and Hogan, Timothy F and Iredell, Mark and Ji, Ming and Rood, Ricky B and Suarez, Max J and others},
  journal={Bulletin of the American Meteorological Society},
  volume={83},
  number={3},
  pages={431--436},
  year={2002},
  publisher={American Meteorological Society},
}

@inproceedings{donahue21,
  title={{A Flexible and Modern Design for the Next Generation E3SM Atmosphere Model}},
  author={Donahue, Aaron and Bertagna, Luca and Caldwell, Peter},
  booktitle={AGU Fall Meeting Abstracts},
  volume={2021},
  pages={A25N--1863},
  year={2021}
}

@article{edwards14,
  title={{Kokkos: Enabling manycore performance portability through polymorphic memory access patterns}},
  author={Edwards, H Carter and Trott, Christian R and Sunderland, Daniel},
  journal={Journal of Parallel Distributed Computing},
  volume={74},
  number={12},
  pages={3202--3216},
  year={2014},
  publisher={Elsevier}
}

@article{errico97,
  title={{What is an adjoint model?}},
  author={Errico, Ronald M},
  journal={Bulletin of the American Meteorological Society},
  volume={78},
  number={11},
  pages={2577--2592},
  year={1997},
  publisher={American Meteorological Society}
}

@article{forbes11a,
  title={An improved representation of cloud and precipitation},
  author={Forbes, R and Tompkins, A},
  journal={ECMWF Newsletter No. 129},
  pages={13--18},
  year={2011}
}

@article{forbes11b,
  title={{A new prognostic bulk microphysics scheme for the IFS}},
  author={Forbes, Richard M and Tompkins, Adrian M and Untch, Agathe},
  journal={ECMWF Techical Memo. No. 649},
  year={2011},
}

@article{fuhrer14,
  title={Towards a performance portable, architecture agnostic implementation strategy for weather and climate models},
  author={Fuhrer, Oliver and Osuna, Carlos and Lapillonne, Xavier and Gysi, Tobias and Cumming, Ben and Bianco, Mauro and Arteaga, Andrea and Schulthess, Thomas Christoph},
  journal={Supercomputing Frontiers and Innovations},
  volume={1},
  number={1},
  pages={45--62},
  year={2014}
}

@article{fuhrer18,
  title={{Near-global climate simulation at 1 km resolution: establishing a performance baseline on 4888 GPUs with COSMO 5.0}},
  author={Fuhrer, Oliver and Chadha, Tarun and Hoefler, Torsten and Kwasniewski, Grzegorz and Lapillonne, Xavier and Leutwyler, David and L{\"u}thi, Daniel and Osuna, Carlos and Sch{\"a}r, Christoph and Schulthess, Thomas C and others},
  journal={Geoscientific Model Development},
  volume={11},
  number={4},
  pages={1665--1681},
  year={2018},
  publisher={Copernicus GmbH}
}

@article{gross16,
  author={Gross, Markus and Malardel, Sylvie and Jablonowski, Christiane and Wood, Nigel},
  title={{Bridging the (Knowledge) Gap between Physics and Dynamics}},
  journal={Bulletin of the American Meteorological Society},
  volume={97},
  number={1},
  pages={137--142},
  year={2016},
  doi={10.1175/BAMS-D-15-00103.1},
  URL={https://doi.org/10.1175/BAMS-D-15-00103.1},
  eprint= {https://doi.org/10.1175/BAMS-D-15-00103.1}
}

@article{gross18,
  title={Physics--Dynamics Coupling in Weather, Climate, and {Earth} System Models: {Challenges} and Recent Progress},
  author={Gross, Markus and Wan, Hui and Rasch, Philip J and Caldwell, Peter M and Williamson, David L and Klocke, Daniel and Jablonowski, Christiane and Thatcher, Diana R and Wood, Nigel and Cullen, Mike and others},
  journal={Monthly Weather Review},
  volume={146},
  number={11},
  pages={3505--3544},
  year={2018}
}

@article{guilyardi03,
  title={{PRISM system specification handbook, version 1}},
  author={Guilyardi, E and Budich, R and Komen, G and Brasseur, G},
  journal={PRISM report series},
  number={1},
  pages={230},
  year={2003}
}

@article{gysi21,
  title={{Domain-specific multi-level IR rewriting for GPU: The Open Earth compiler for GPU-accelerated climate simulation}},
  author={Gysi, Tobias and M{\"u}ller, Christoph and Zinenko, Oleksandr and Herhut, Stephan and Davis, Eddie and Wicky, Tobias and Fuhrer, Oliver and Hoefler, Torsten and Grosser, Tobias},
  journal={ACM Transactions on Architecture and Code Optimization (TACO)},
  volume={18},
  number={4},
  pages={1--23},
  year={2021},
  publisher={ACM New York, NY, USA}
}

@article{harris13,
  title={{A two-way nested global-regional dynamical core on the cubed-sphere grid}},
  author={Harris, Lucas M and Lin, Shian-Jiann},
  journal={Monthly Weather Review},
  volume={141},
  number={1},
  pages={283--306},
  year={2013},
  publisher={American Meteorological Society}
}

@article{harris20,
  title={{Array programming with NumPy}},
  author={Harris, Charles R and Millman, K Jarrod and van der Walt, St{\'e}fan J and Gommers, Ralf and Virtanen, Pauli and Cournapeau, David and Wieser, Eric and Taylor, Julian and Berg, Sebastian and Smith, Nathaniel J and others},
  journal={Nature},
  volume={585},
  number={7825},
  pages={357--362},
  year={2020},
  publisher={Nature Publishing Group}
}

@inproceedings{heinzeller19,
  title={{The Common Community Physics Package CCPP: unifying physics across NOAA and NCAR models using a common software framework}},
  author={Heinzeller, Dom and Bernardet, Ligia and Firl, Grant and Carson, Laurie and Schramm, Julie and Zhang, Man and Dudhia, Jimy and Gill, Dave and Duda, Michael and Goldhaber, Steve and others},
  booktitle={Geophysical Research Abstracts},
  volume={21},
  year={2019}
}

@article{hill04,
  title={The architecture of the earth system modeling framework},
  author={Hill, Chris and DeLuca, Cecelia and Balaji, V. and Suarez, Max and Silva, Arlindo da},
  journal={IEE Computational Science and Engineering},
  volume={6},
  number={1},
  pages={18--28},
  year={2004},
  publisher={IEEE},
}

@article{hogan18,
  title={{A flexible and efficient radiation scheme for the ECMWF model}},
  author={Hogan, Robin J and Bozzo, Alessio},
  journal={Journal of Advances in Modeling Earth Systems},
  volume={10},
  number={8},
  pages={1990--2008},
  year={2018},
  publisher={Wiley Online Library}
}

@article{hoyer17,
  title={{xarray: ND labeled arrays and datasets in Python}},
  author={Hoyer, Stephan and Hamman, Joe},
  journal={Journal of Open Research Software},
  volume={5},
  number={1},
  year={2017},
  publisher={Ubiquity Press}
}

@book{ifs48r1,
  title={{IFS Documentation CY48R1 - Part IV: Physical Processes}},
  author={ECMWF},
  chapter={Clouds and large-scale precipitation},
  pages={113--145},
  year={2023},
  publisher={ECMWF}
}

@article{janiskova99,
  title={{Simplified and regular physical parameterizations for incremental four-dimensional variational assimilation}},
  author={Janiskov{\'a}, Marta and Th{\'e}paut, Jean-No{\"e}l and Geleyn, Jean-Fran{\c{c}}ois},
  journal={Monthly Weather Review},
  volume={127},
  number={1},
  pages={26--45},
  year={1999},
  publisher={American Meteorological Society}
}

@article{janiskova23,
  title={{Linearised physics: the heart of ECMWF’s 4D-Var}},
  author={Janiskov{\'a}, Marta and Lopez, Philippe},
  journal={ECMWF Newsletter No. 175},
  pages={20--26},
  year={2023}
}

@article{kalnay89,
  title={{Rules for interchange of physical parameterizations}},
  author={Kalnay, E and Kanamitsu, M and Pfaendtner, J and Sela, J and Suarez, M and Stackpole, J and Tuccillo, J and Umscheid, L and Williamson, D},
  journal={Bulletin of the American Meteorological Society},
  volume={70},
  number={6},
  pages={620--622},
  year={1989},
  publisher={American Meteorological Society},
}

@article{kim21,
  title={{GPU acceleration of MPAS microphysics WSM6 using OpenACC directives: Performance and verification}},
  author={Kim, Jae Youp and Kang, Ji-Sun and Joh, Minsu},
  journal={Computers \& Geosciences},
  volume={146},
  pages={104627},
  year={2021},
  publisher={Elsevier}
}

@article{kohler11,
  title={{Unified treatment of dry convective and stratocumulus-topped boundary layers in the ECMWF model}},
  author={K{\"o}hler, M and Ahlgrimm, M and Beljaars, A},
  journal={Quarterly Journal of the Royal Meteorological Society},
  volume={137},
  number={654},
  pages={43--57},
  year={2011},
  publisher={Wiley Online Library}
}

@article{kuhnlein23,
  title={{ECMWF collaborates with Swiss partners on GPU porting of FVM dynamical core}},
  author={K\"uhnlein, Christian and Ehrengruber, Till and Ubbiali, Stefano and Krieger, Nicolai and Papritz, Lukas and Calotoiu, Alexandru and Wernli, Heini},
  journal={ECMWF Newsletter No. 175},
  volume={175},
  number={175},
  pages={11--12},
  year={2023}
}


@article{kwan22,
  title={Europe’s energy crisis hits science hard},
  author={Kwan, Jacklin},
  journal={Science},
  volume={377},
  number={6612},
  pages={1244--1245},
  year={2022}
}

@incollection{lapillonne17,
  title={{Using OpenACC to port large legacy climate and weather modeling code to GPUs}},
  author={Lapillonne, Xavier and Osterried, Katherine and Fuhrer, Oliver},
  booktitle={{Parallel Programming with OpenACC}},
  pages={267--290},
  year={2017},
  publisher={Elsevier}
}

@inproceedings{lapillonne20,
  title={{Global climate simulations at 2.8 km on GPU with the ICON model}},
  author={Lapillonne, Xavier and Sawyer, William and Marti, Philippe and Clement, Valentin and Dietlicher, Remo and Kornblueh, Luis and Rast, Sebastian and Schnur, Reiner and Esch, Monika and Giorgetta, Marco and others},
  booktitle={EGU General Assembly Conference Abstracts},
  pages={10306},
  year={2020}
}

@article{lawrence18,
  title={{Crossing the chasm: how to develop weather and climate models for next generation computers?}},
  author={Lawrence, Bryan N and Rezny, Michael and Budich, Reinhard and Bauer, Peter and Behrens, J{\"o}rg and Carter, Mick and Deconinck, Willem and Ford, Rupert and Maynard, Christopher and Mullerworth, Steven and others},
  journal={Geoscientific Model Development},
  volume={11},
  number={5},
  pages={1799--1821},
  year={2018},
  publisher={Copernicus GmbH}
}

@book{lindfield18,
  title={{Numerical Methods: Using MATLAB}},
  author={Lindfield, George and Penny, John},
  year={2018},
  publisher={Academic Press}
}

@article{lott97,
  title={{A new subgrid-scale orographic drag parametrization: Its formulation and testing}},
  author={Lott, Fran{\c{c}}ois and Miller, Martin J},
  journal={Quarterly Journal of the Royal Meteorological Society},
  volume={123},
  number={537},
  pages={101--127},
  year={1997},
  publisher={Wiley Online Library}
}

@article{mcgibbon21,
  title={{fv3gfs-wrapper: a Python wrapper of the FV3GFS atmospheric model}},
  author={McGibbon, Jeremy and Brenowitz, Noah D and Cheeseman, Mark and Clark, Spencer K and Dahm, Johann PS and Davis, Eddie C and Elbert, Oliver D and George, Rhea C and Harris, Lucas M and Henn, Brian and others},
  journal={Geoscientific Model Development},
  volume={14},
  number={7},
  pages={4401--4409},
  year={2021},
  publisher={Copernicus GmbH}
}

@inproceedings{mendez14,
  title={{Climate models: challenges for Fortran development tools}},
  author={M{\'e}ndez, Mariano and Tinetti, Fernando G and Overbey, Jeffrey L},
  booktitle={2014 Second International Workshop on Software Engineering for High Performance Computing in Computational Science and Engineering},
  pages={6--12},
  year={2014},
  organization={IEEE}
}

@article{miyamoto13,
  title={{Deep moist atmospheric convection in a subkilometer global simulation}},
  author={Miyamoto, Yoshiaki and Kajikawa, Yoshiyuki and Yoshida, Ryuji and Yamaura, Tsuyoshi and Yashiro, Hisashi and Tomita, Hirofumi},
  journal={Geophysical Research Letters},
  volume={40},
  number={18},
  pages={4922--4926},
  year={2013},
  publisher={Wiley Online Library}
}

@article{monge13,
  title={On the uses of a new linear scheme for stratospheric methane in global models: water source, transport tracer and radiative forcing},
  author={Monge-Sanz, BM and Chipperfield, MP and Untch, A and Morcrette, J-J and Rap, A and Simmons, AJ},
  journal={Atmospheric Chemistry and Physics},
  volume={13},
  number={18},
  pages={9641--9660},
  year={2013},
  publisher={Copernicus Publications G{\"o}ttingen, Germany}
}

@article{monteiro18,
  title={{sympl (v. 0.4. 0) and climt (v. 0.15. 3) -- Towards a flexible framework for building model hierarchies in Python}},
  author={Monteiro, Joy Merwin and McGibbon, Jeremy and Caballero, Rodrigo},
  journal={Geoscientific Model Development},
  volume={11},
  number={9},
  pages={3781--3794},
  year={2018},
  publisher={Copernicus GmbH}
}

@article{muller19,
  title={{The ESCAPE project: energy-efficient scalable algorithms for weather prediction at exascale}},
  author={M{\"u}ller, Andreas and Deconinck, Willem and K{\"u}hnlein, Christian and Mengaldo, Gianmarco and Lange, Michael and Wedi, Nils and Bauer, Peter and Smolarkiewicz, Piotr K and Diamantakis, Michail and Lock, Sarah-Jane and others},
  journal={Geoscientific Model Development},
  volume={12},
  number={10},
  pages={4425--4441},
  year={2019},
  publisher={Copernicus GmbH}
}

@article{neumann19,
  title={Assessing the scales in numerical weather and climate predictions: will exascale be the rescue?},
  author={Neumann, Philipp and D{\"u}ben, Peter and Adamidis, Panagiotis and Bauer, Peter and Br{\"u}ck, Matthias and Kornblueh, Luis and Klocke, Daniel and Stevens, Bjorn and Wedi, Nils and Biercamp, Joachim},
  journal={Philosophical Transactions of the Royal Society A},
  volume={377},
  number={2142},
  pages={20180148},
  year={2019},
  publisher={The Royal Society Publishing}
}

@article{nishino17,
  title={{CuPy: A NumPy-compatible library for NVIDIA GPU calculations}},
  author={Nishino, ROYUD and Loomis, Shohei Hido Crissman},
  journal={31st conference on neural information processing systems},
  pages={151},
  year={2017}
}

@article{nogherotto16,
  title={{Numerical framework and performance of the new multiple-phase cloud microphysics scheme in RegCM4.5: precipitation, cloud microphysics, and cloud radiative effects}},
  author={Nogherotto, Rita and Tompkins, Adrian Mark and Giuliani, Graziano and Coppola, Erika and Giorgi, Filippo},
  journal={Geoscientific Model Development},
  volume={9},
  number={7},
  pages={2533--2547},
  year={2016},
  publisher={Copernicus GmbH}
}

@article{orr10,
  title={{Improved middle atmosphere climate and forecasts in the ECMWF model through a nonorographic gravity wave drag parameterization}},
  author={Orr, Andrew and Bechtold, Peter and Scinocca, John and Ern, Manfred and Janiskova, Marta},
  journal={Journal of Climate},
  volume={23},
  number={22},
  pages={5905--5926},
  year={2010}
}

@article{osti23,
  title = {{An evaluation of risks associated with relying on Fortran for mission critical codes for the next 15 years}},
  author = {Shipman, Galen M. and Randles, Timothy C.},
  abstractNote = {},
  doi = {10.2172/1970284},
  url = {https://www.osti.gov/biblio/1970284}, 
  journal = {},
  place = {United States},
  year = {2023},
  month = {5}
}

@article{palmer14,
  title={Climate forecasting: Build high-resolution global climate models},
  author={Palmer, Tim},
  journal={Nature},
  volume={515},
  number={7527},
  pages={338--339},
  year={2014},
  publisher={Nature Publishing Group UK London}
}

@article{pielke84,
  title={A proposal to standardize models},
  author={Pielke, Roger A and Arritt, Raymond W},
  journal={Bulletin of the American Meteorological Society},
  volume={65},
  number={10},
  pages={1082--1082},
  year={1984},
  publisher={JSTOR},
}

@article{randall96,
  title={A university perspective on global climate modeling},
  author={Randall, David A},
  journal={Bulletin of the American Meteorological Society},
  volume={77},
  number={11},
  pages={2685--2690},
  year={1996},
  publisher={American Meteorological Society},
}

@inproceedings{randall22,
  title={{Simulations With EarthWorks}},
  author={Randall, David A and Hurrell, James W and Gettelman, Andrew and Loft, Richard and Skamarock, William C and Hauser, Thomas and Dazlich, Donald A and Sun, Lantao},
  booktitle={AGU Fall Meeting Abstracts},
  volume={2022},
  pages={A33E--02},
  year={2022}
}

@article{schaer19,
  title={{Kilometer-scale climate models: Prospects and challenges}},
  author={Sch{\"a}r, Christoph and Fuhrer, Oliver and Arteaga, Andrea and Ban, Nikolina and Charpilloz, Christophe and Di Girolamo, Salvatore and Hentgen, Laureline and Hoefler, Torsten and Lapillonne, Xavier and Leutwyler, David and others},
  journal={Bulletin of the American Meteorological Society},
  number={2019},
  year={2019}
}

@article{schulthess18,
  title={{Reflecting on the goal and baseline for exascale computing: A roadmap based on weather and climate simulations}},
  author={Schulthess, Thomas C and Bauer, Peter and Wedi, Nils and Fuhrer, Oliver and Hoefler, Torsten and Sch{\"a}r, Christoph},
  journal={Computing in Science \& Engineering},
  volume={21},
  number={1},
  pages={30--41},
  year={2018},
  publisher={IEEE}
}

@article{shalf15,
  title={{Computing beyond Moore's law}},
  author={Shalf, John M and Leland, Robert},
  journal={Computer},
  volume={48},
  number={12},
  pages={14--23},
  year={2015},
  publisher={IEEE}
}

@article{stevens19,
  title={{DYAMOND: the DYnamics of the Atmospheric general circulation Modeled On Non-hydrostatic Domains}},
  author={Stevens, Bjorn and Satoh, Masaki and Auger, Ludovic and Biercamp, Joachim and Bretherton, Christopher S and Chen, Xi and D{\"u}ben, Peter and Judt, Falko and Khairoutdinov, Marat and Klocke, Daniel and others},
  journal={Progress in Earth and Planetary Science},
  volume={6},
  number={1},
  pages={1--17},
  year={2019},
  publisher={Springer}
}

@article{taylor20,
  title={An energy consistent discretization of the nonhydrostatic equations in primitive variables},
  author={Taylor, Mark A and Guba, Oksana and Steyer, Andrew and Ullrich, Paul A and Hall, David M and Eldred, Christopher},
  journal={Journal of Advances in Modeling Earth Systems},
  volume={12},
  number={1},
  pages={e2019MS001783},
  year={2020},
  publisher={Wiley Online Library}
}

@article{theurich16,
  title={{The earth system prediction suite: toward a coordinated {US} modeling capability}},
  author={Theurich, Gerhard and DeLuca, C and Campbell, T and Liu, F and Saint, K and Vertenstein, M and Chen, J and Oehmke, R and Doyle, J and Whitcomb, T and others},
  journal={Bulletin of the American Meteorological Society},
  volume={97},
  number={7},
  pages={1229--1247},
  year={2016},
}

@article{tiedtke89,
  title={{A comprehensive mass flux scheme for cumulus parameterization in large-scale models}},
  author={Tiedtke, Michael},
  journal={Monthly Weather Review},
  volume={117},
  number={8},
  pages={1779--1800},
  year={1989}
}

@article{ubbiali21,
  title={{A numerical analysis of six physics-dynamics coupling schemes for atmospheric models}},
  author={Ubbiali, Stefano and Sch{\"a}r, Christoph and Schlemmer, Linda and Schulthess, Thomas C},
  journal={Journal of Advances in Modeling Earth Systems},
  volume={13},
  number={11},
  pages={e2020MS002377},
  year={2021},
  publisher={Wiley Online Library}
}

@article{watkins23,
  title={Performance portable ice-sheet modeling with MALI},
  author={Watkins, Jerry and Carlson, Max and Shan, Kyle and Tezaur, Irina and Perego, Mauro and Bertagna, Luca and Kao, Carolyn and Hoffman, Matthew J and Price, Stephen F},
  journal={The International Journal of High Performance Computing Applications},
  volume={37},
  number={5},
  pages={600--625},
  year={2023},
  publisher={SAGE Publications Sage UK: London, England}
}

}

@inproceedings{yang19,
  title={{Accelerating MPAS-A model radiation schemes on GPUs using OpenACC}},
  author={Yang, Zhifeng and Halem, Milton and Loft, Richard and Suresh, Supreeth},
  booktitle={AGU Fall Meeting Abstracts},
  volume={2019},
  pages={A11A--06},
  year={2019}
}

@article{zangl15,
  title={{The ICON (ICOsahedral Non-hydrostatic) modelling framework of DWD and MPI-M: Description of the non-hydrostatic dynamical core}},
  author={Z{\"a}ngl, G{\"u}nther and Reinert, Daniel and R{\'\i}podas, Pilar and Baldauf, Michael},
  journal={Quarterly Journal of the Royal Meteorological Society},
  volume={141},
  number={687},
  pages={563--579},
  year={2015},
  publisher={Wiley Online Library}
}